@article
{ balakrishnan-wysinwyx-2010,
  author = {Gogul Balakrishnan and Thomas Reps},
  title = {{WYSINWYX}: {What} {You} {See} {Is} {Not} {What} {You} {eXecute}},
  journal = {ACM Transactions on Programming Languages and Systems ({TOPLAS})},
  pages = {1--84},
  volume = {32},
  issue = {6},
  year = {2010}
}
@inproceedings{shapiro_weird_2013,
  author    = {Rebecca Shapiro and
               Sergey Bratus and
               Sean W. Smith},
  title     = {{`Weird machines'} in {ELF:} {A} Spotlight on the Underappreciated Metadata},
  booktitle = {Proceedings of the 7th {USENIX} Workshop on Offensive Technologies ({WOOT})},
  pages = {11},
  year      = {2013}
}
@proceedings{DBLP:conf/woot/2013,
  editor    = {Jon Oberheide and
               William K. Robertson},
  title     = {Proceedings of the 7th {USENIX} Workshop on Offensive Technologies ({WOOT})},
  publisher = {{USENIX} Association},
  year      = {2013},
  url       = {https://www.usenix.org/publications/proceedings/?f[0]=im_group_audience%3A392},
  timestamp = {Wed, 14 May 2014 08:04:37 +0200},
  biburl    = {http://dblp.uni-trier.de/rec/bib/conf/woot/2013},
  bibsource = {dblp computer science bibliography, http://dblp.org}
}
@incollection{smaragdakis_layered_2002,
  year={2002},
  isbn={978-3540434832},
  booktitle={Software Reuse: Methods, Techniques, and Tools},
  volume={2319},
  series={Lecture Notes in Computer Science},
  editor={Gacek, Cristina},
  title={Layered Development with ({Unix}) Dynamic Libraries},
  publisher={Springer Berlin Heidelberg},
  author={Smaragdakis, Yannis},
  pages={33--45}
}
@inproceedings{deremer_programming-in-the_1975,
	title = {Programming-in-the large versus programming-in-the-small},
	booktitle = {Proceedings of the International Conference on Reliable Software},
	author = {F DeRemer and H Kron},
	year = {1975},
	pages = {114-121}
},
@inproceedings{serra_ditools_2000,
	address = {Berkeley, CA, USA},
	title = {{DITools}: application-level support for dynamic extension and flexible composition},
	location = {San Diego, California},
	booktitle = {Proceedings of the USENIX Annual Technical Conference},
	publisher = {USENIX Association},
	author = {Albert Serra and Nacho Navarro and Toni Cortes},
	year = {2000},
	pages = {19-19}
},
@inproceedings{kell_towards_2015,
 author = {Kell, Stephen},
 title = {Towards a Dynamic Object Model Within {Unix} Processes},
 booktitle = {Proceedings of the {ACM} International Symposium on New Ideas, New Paradigms, and Reflections on Programming and Software {(Onward!)}},
 year = {2015},
 pages = {224--239},
 url = {http://doi.acm.org/10.1145/2814228.2814238},
 doi = {10.1145/2814228.2814238}
} 

@INPROCEEDINGS{gingell_shared_1987,
    author = {Robert A. Gingell and Meng Lee and Xuong T. Dang and Mary S. Weeks},
    title = {Shared Libraries in {SunOS}},
    booktitle = {Proceedings of the USENIX Summer Conference},
    year = {1987},
    pages = {375--390}
}
@misc{ieee_standard_1988,
    author = {{{IEEE} {POSIX} Standard Committee}}, 
	title = {Standard Portable Operating System Interface for Computer Environments},
	howpublished = {{IEEE} Standard 1003.1-1988},
	address = {Piscataway, New Jersey},
	year = {1988},
	key={IEEE POSIX}
},
@INPROCEEDINGS{orr_fast_1993,
    author = {Douglas B. Orr and John Bonn and Jay Lepreau and Robert Mecklenburg},
    title = {Fast and Flexible Shared Libraries},
    booktitle = {Proceedings of the {USENIX} Summer Conference},
    year = {1993},
    pages = {237--251}
}
@misc{drepper_how_2011,
  title={How to write shared libraries},
  author={Ulrich Drepper},
  year={2011},
  month={December},
  note = "Available at \url{http://www.akkadia.org/drepper/dsohowto.pdf},
   retrieved 2015$/$11$/$19"
},
@inproceedings{reid_knit_2000,
 author = {Reid, Alastair and Flatt, Matthew and Stoller, Leigh and Lepreau, Jay and Eide, Eric},
 title = {Knit: Component Composition for Systems Software},
 booktitle = {Proceedings of the 4th Conference on Symposium on Operating System Design and Implementation {(OSDI)}},
 pages = {24},
 year = {2000}
}

@article
{ fagorzi-calculus-2007,
  author = {Sonia Fagorzi and Elena Zucca},
  title = {A calculus of open modules: call-by-need strategy and confluence},
  journal = {Mathematical Structures in Computer Science},
  volume = {17},
  issue = {4},
  pages = {675--751},
  year = {2007}
}

@article
{ hoare-axiomatic-1969,
  author = {C. A. R. Hoare},
  title = {An axiomatic basis for computer programming},
  journal = {Communications of the {ACM}},
  volume = {12},
  number = {10},
  pages = {576--580},
  year = {1969}
}

@article
{ leroy-formal-2009,
  author = {Xavier Leroy},
  title = {Formal verification of a realistic compiler},
  journal = {Communications of the ACM},
  volume = {52},
  number = {7},
  pages = {107--115},
  year = {2009},
}

@article
{ sevcik-compcert-2013,
  author = {Jaroslav \v{S}ev\v{c}\'ik and Viktor Vafeiadis and Francesco Zappa Nardelli and Suresh Jagannathan and Peter Sewell},
  title = {{CompCertTSO}: a verified compiler for relaxed memory concurrency},
  journal = {Journal of the {ACM}},
  volume = {60},
  issue = {3},
  number = {22},
  year = {2013}
}

@book
{ appel-program-2014,
  author = {Andrew Appel},
  title = {Program logics for certified compilers},
  isbn = {978-1139899383},
  publisher = {Cambridge University Press},
  year = {2014}
}

@book
{ milner-definition-1997,
  author = {Robin Milner and Robert Harper and David MacQueen and Mads Tofte},
  title = {The definition of {Standard ML}},
  isbn = {978-0262631815},
  publisher = {{MIT} Press},
  year = {1997}
}

@book
{ moore-piton-1996,
  author = {{J} Strother Moore},
  title = {Piton: A Mechanically Verified Assembly-Level Language},
  isbn = {978-0792339205},
  publisher = {Springer},
  year = {1996}
}

@inproceedings
{ amadio-certified-2014,
  title = {Certified Complexity ({CerCo})},
  booktitle = {Proceedings of the 3rd International Workshop on Foundational and Practical Aspects of Resource Analysis {(FOPARA)}},
  author = {Roberto M. Amadio and Nicolas Ayache and Fran\c{c}ois Bobot and Jaap B. Boender and Brian Campbell and Ilias Garnier and Antoine Madet and James McKinna and Dominic P. Mulligan and Mauro Piccolo and Randy Pollack and Yann R\'egis-Gianas and Claudio {Sacerdoti Coen} and Ian Stark and Paolo Tranquilli},
  pages = {1--18},
  year = {2014}
}

@inproceedings
{ kennedy-coq-2013,
  author = {Andrew Kennedy and Nick Benton and Jonas B. Jensen and Pierre-Evariste Dagand},
  title = {{Coq}: The world's best macro assembler?},
  booktitle = {Proceedings of the 15th Symposium on Principles and Practice of Declarative Programming {(PPDP)}},
  pages = {13--24},
  year = {2013}
}

@inproceedings
{ bertot-short-2008,
  author = {Yves Bertot},
  title = {A short presentation of {Coq}},
  booktitle = {Proceedings of the 21st International Conference on Theorem Proving in Higher Order Logics {(TPHOLS)}},
  pages = {12--16},
  year = {2008}
}

@inproceedings
{ bracha-mixin-1990,
  author = {Gilad Bracha and William Cook},
  title = {Mixin-based inheritance},
  booktitle = {Proceedings of the European Conference on Object-Oriented Programming and Object-Oriented Programming Systems, Languages, and Applications {(ECOOP/OOPSLA)}},
  pages = {303--311},
  year = {1990}
}

@inproceedings
{ cardelli-program-1997,
  author = {Luca Cardelli},
  title = {Program fragments, linking, and modularization},
  booktitle = {Proceedings of the 24th {ACM} {SIGPLAN-SIGACT} Symposium on Principles of Programming Languages {(POPL)}},
  pages = {266--277},
  year = {1997}
}

@inproceedings
{ ellison-executable-2012,
  author = {Chucky Ellison and Grigore Ro\c{s}u},
  title = {An executable formal semantics of {C} with applications},
  booktitle = {Proceedings of the 39th {ACM} {SIGPLAN-SIGACT} Symposium on Principles of Programming Languages {(POPL)}},
  pages = {533--544},
  year = {2012}
}

@inproceedings
{ glew-type-safe-1999,
  author = {Neal Glew and Greg Morrisett},
  title = {Type-safe linking and modular assembly language},
  booktitle = {Proceedings of the 26th {ACM} {SIGPLAN-SIGACT} Symposium on Principles of Programming Languages {(POPL)}},
  pages = {250--261},
  year = {1999}
}

@misc
{ gray-integrated-2015,
  title = {An integrated concurrency and core-{ISA} architectural envelope definition, and test oracle, for {IBM POWER} multiprocessors},
  author = {Kathryn Gray and Gabriel Kerneis and Dominic P. Mulligan and Christopher Pulte and Susmit Sarkar and Peter Sewell},
  note = {Accepted at the 48th Annual {IEEE/ACM} International Symposium on Microarchitecture ({MICRO 48})},
  year = {2015}
}

@inproceedings
{ kumar-cake-2014,
  author = {Ramana Kumar and Magnus O. Myreen and Michael Norrish and Scott Owens},
  title = {{CakeML}: A Verified Implementation of {ML}},
  booktitle = {Proceedings of the 41st {ACM} {SIGPLAN-SIGACT} Symposium on Principles of Programming Languages {(POPL)}},
  pages = {179--191},
  year = {2014}
}

@inproceedings
{ machkasova-calculus-2000,
  author = {Elena Machkasova and Franklyn A. Turbak},
  title = {A calculus for link-time compilation},
  booktitle = {Proceedings of the 9th European Symposium on Programming ({ESOP})},
  pages = {260--274},
  year = {2000}
}

@inproceedings
{ mulligan-lem-2014,
  author = {Dominic P. Mulligan and Scott Owens and Kathryn E. Gray and Tom Ridge and Peter Sewell},
  title = {Lem: reusable engineering of real-world semantics},
  booktitle = {Proceedings of the 19th {ACM} {SIGPLAN} International Conference on Functional Programming ({ICFP})},
  pages = {175--188},
  year = {2014}
}

@inproceedings
{ necula-cil-2002,
  author = {George C. Necula and Scott McPeak and Shree P. Rahul and Westley Weimer},
  title = {{CIL}: intermediate language and tools for analysis and transformation of {C} programs},
  booktitle = {Proceedings of the 11th International Conference on Compiler Construction {(CC)}},
  pages = {213--228},
  year = {2002}
}

@inproceedings
{ ramananandro-certified-2015,
  author = {Tahina Ramananandro and Zhong Shao and Shu-Chung Weng and J\'er\'emie Koenig and Yuchen Wu},
  title = {A Compositional Semantics for Verified Separate Compilation and Linking},
  booktitle = {Proceedings of the 4th {ACM} {SIGPLAN} Conference on Certified Programs and Proofs {(CPP)}},
  pages = {3--14},
  year = {2015}
}

@inproceedings
{ reynolds-separation-2002,
  author = {John C. Reynolds},
  title = {Separation logic: a logic for shared mutable data structures},
  booktitle = {Proceedings of the 17th Annual {IEEE} Symposium on Logic in Computer Science {(LICS)}},
  pages = {55--74},
  year = {2002}
}

@inproceedings
{ slind-brief-2008,
  author = {Konrad Slind and Michael Norrish},
  title = {A brief overview of {HOL4}},
  booktitle = {Proceedings of the 21st International Conference on Theorem Proving in Higher Order Logics {(TPHOLS)}},
  pages = {28--32},
  year = {2008}
}

@inproceedings
{ stewart-compositional-2015,
  author = {Gordon Stewart and Lennart Beringer and Santiago Cuellar and Andrew W. Appel},
  title = {Compositional {CompCert}},
  booktitle = {Proceedings of the 47th {ACM} {ACM} {SIGPLAN-SIGACT} Symposium on Principles of Programming Languages ({POPL})},
  pages = {275--287},
  year = {2015}
}

@inproceedings
{ wang-compiler-2014,
  author = {Peng Wang and Santiago Cuellar and Adam Chlipala},
  title = {Compiler verification meets cross-language linking via data abstraction},
  booktitle = {Proceedings of the {ACM} International Conference on Object Oriented Programming Systems Languages and Applications {(OOPSLA)}},
  pages = {675--690},
  year = {2014}
}

@inproceedings
{ wells-equational-2000,
  author = {Joe B. Wells and Ren\'e Vestergaard},
  title = {Equational reasoning for linking with first-class primitive modules},
  booktitle = {Proceedings of the 9th European Symposium on Programming ({ESOP})},
  pages = {412--428},
  year = {2000}
}

@inproceedings
{ wenzel-isabelle-2008,
  author = {Markus Wenzel and Lawrence C. Paulson and Tobias Nipkow},
  title = {The {Isabelle} framework},
  booktitle = {Proceedings of the 21st International Conference on Theorem Proving in Higher Order Logics {(TPHOLS)}},
  pages = {33--38},
  year = {2008}
}

@misc
{ amd64-abi,
  author = {Michael Matz and Jan Hubi\v{c}ka and Andreas Jaeger and Mark Mitchell},
  title = {{System V} {Application Binary Interface}, {AMD64} Architecture Processor Supplement, Draft Version 0.99.6},
  note = {\url{www.x86-64.org/documentation/abi.pdf}},
  key = {amd64-abi}
}

@misc
{ c11-standard,
  author = {{International Standards Office}},
  title = {The {C11} language standard: {ISO/IEC 9899:2011}},
  note = {\url{http://www.iso.org/iso/iso_catalogue/catalogue_tc/catalogue_detail.htm?csnumber=57853}},
  key = {c11}
}

@misc
{ compcert-manual,
  author = {{The CompCert Development Team}},
  title = {{CompCert} Manual},
  note = {\url{http://compcert.inria.fr/man/}},
  key = {compcert}
}

@misc
{ elf-sco-model,
  author = {{The Santa Cruz Operation ({SCO})}},
  title = {{System V} {Application Binary Interface}, 10th {June} 2013},
  note = {\url{http://www.sco.com/developers/gabi/latest/contents.html}},
  key = {santa}
}

@misc
{ jelinek-prelinker-2001,
  author = {Jakub Jelinek},
  title = {{RFC}: {ELF} prelinker},
  note = {\url{http://www.sourceware.org/ml/binutils/2001-07/msg00057.html}},
  key = {jelinek}
}

@misc
{ kang-lightweight-2015,
  author = {Jeehoon Kang and Yoonseung Kim and Chung-Kil Hur and Derek Dreyer and Viktor Vafeiadis},
  title = {Lightweight verification of separate compilation},
  year = {2016},
  note = {Accepted at the 43rd {ACM} {SIGPLAN-SIGACT} Symposium on Principles of Programming Languages {(POPL)}}
}

@misc
{ linux-standard-base,
  author = {{Linux Foundation}},
  title = {The {Linux Standard Base} 5.0},
  note = {\url{http://www.linuxfoundation.org/collaborate/workgroups/lsb}},
  key = {linux}
}

@phdthesis
{ petrova-verification-2007,
  author = {Elena Petrova},
  title = {Veriflcation of the {C0} Compiler Implementation on the Source Code Level},
  institution = {University of Saarbr\"ucken},
  year = {2007}
}

@techreport
{ cannon-flavors-1982,
  author = {Howard Cannon},
  title = {Flavors: a non-hierachical approach to object-oriented programming},
  institution = {Symbolics Inc.},
  year = {1982}
}

@inproceedings{DBLP:conf/itp/Fox15,
  author    = {Anthony C. J. Fox},
  title     = {Improved Tool Support for Machine-Code Decompilation in {HOL4}},
  booktitle = {Interactive Theorem Proving - 6th International Conference, {ITP}
               2015, Nanjing, China, August 24-27, 2015, Proceedings},
  pages     = {187--202},
  year      = {2015},
  OPTcrossref  = {DBLP:conf/itp/2015},
  url       = {http://dx.doi.org/10.1007/978-3-319-22102-1_12},
  doi       = {10.1007/978-3-319-22102-1_12},
  timestamp = {Mon, 24 Aug 2015 16:29:06 +0200},
  biburl    = {http://dblp.uni-trier.de/rec/bib/conf/itp/Fox15},
  bibsource = {dblp computer science bibliography, http://dblp.org}
}

@misc{FGP16,
  author =       {Shaked Flur and Kathryn E. Gray and Christopher Pulte and Susmit Sarkar and Ali Sezgin and  Luc Maranget and Will Deacon and Peter Sewell},
  title =        {Modelling the {ARMv8} Architecture, Operationally: Concurrency and {ISA}},
  note =    {Accepted at the 43rd {ACM} {SIGPLAN-SIGACT} Symposium on Principles of Programming Languages {(POPL)}},
  year =         {2016}
}
